<?xml version="1.0" encoding="UTF-8"?><collection xmlns="http://www.loc.gov/MARC21/slim"><record><leader>00443nam--2200133-i-4500</leader><controlfield tag="001">000044597</controlfield><controlfield tag="002">20161230</controlfield><controlfield tag="005">20161230201044</controlfield><controlfield tag="008">060222s1000------------r-----000-0-eng-d</controlfield><datafield ind1=" " ind2=" " tag="080"><subfield code="a">015:543.51</subfield></datafield><datafield ind1=" " ind2=" " tag="100"><subfield code="a">Thibault-philippe, Catherine</subfield></datafield><datafield ind1=" " ind2=" " tag="245"><subfield code="a">Etude par spectrometrie de masse en ligne de noyaux legers exotiques produits dans les reactions a haute energie. these</subfield></datafield><datafield ind1=" " ind2=" " tag="260"><subfield code="a">Orsay, Faculte Des Sciences D`Orsay, 1971, 120p</subfield></datafield><datafield ind1=" " ind2=" " tag="852"><subfield code="a">36603</subfield></datafield></record></collection>